@Misc{coq,
  key = {coq},
  title = {The {Coq} Proof Assistant Reference Manual, Version 8.4pl41},
  note = {\url{coq.inria.fr}}}

@Misc{jrules,
  key = {jrules},
  title = {{IBM WebSphere ILOG JRules}}
}

@Misc{odminsights,
  key = {odminsights},
  title = {{IBM} {O}perational {D}ecision {M}anager: Decision {S}erver {I}nsights}
}

@Article{HiddersKSTB08,
  author    = {Jan Hidders and Natalia Kwasnikowska and Jacek Sroka and Jerzy Tyszkiewicz and Jan Van den Bussche},
  title     = {{DFL:} {A} dataflow language based on {Petri} nets and nested relational calculus},
  journal   = {Information Systems},
  year      = 2008,
  volume    = 33,
  number    = 3,
  pages     = {261--284}
}

@Article{BusscheV07,
  author    = {Jan {Van den Bussche} and Stijn Vansummeren},
  title     = {Polymorphic type inference for the named nested relational calculus},
  journal   = {Transactions on Computational Logic (TOCL)},
  year      = 2007,
  volume    = 9,
  number    = 1
}

@InProceedings{CluetM93,
  author    = {Sophie Cluet and Guido Moerkotte},
  title     = {Nested Queries in Object Bases},
  booktitle = {Workshop on Database Programming Languages (DBPL)},
  year      = 1993,
  pages     = {226--242}
}

@TechReport{OPS5,
  author = {Charles L. Forgy},
  title = {{OPS5} user's manual},
  year = 1981,
  institution = {CMU},
  number = 2397
}

@Article{forgy_1982,
  author = {Charles L. Forgy},
  title = {Rete: A fast algorithm for the many pattern/many object pattern match problem},
  year = 1982,
  volume = 19,
  issue = 1,
  pages = {17-37},
  journal = {Artificial Intelligence}
}

@Book{clocksin1987,
  title={Programming in PROLOG},
  author={William F. Clocksin and Christopher S. Mellish},
  xvolume=5,
  year=1987,
  publisher={Springer}
}

@Book{abiteboul1995,
  title={Foundations of databases},
  author={Serge Abiteboul and Richard Hull and Victor Vianu},
  xvolume=8,
  year=1995,
  publisher={Addison-Wesley}
}

@InProceedings{TannenBW92,
  author    = {Val Tannen and Peter Buneman and Limsoon Wong},
  title     = {Naturally Embedded Query Languages},
  booktitle = {International Conference on Database Theory (ICDT)},
  year      = 1992,
  pages     = {140--154}
}

@Article{AbiteboulB95,
  author    = {Serge Abiteboul and Catriel Beeri},
  title     = {The Power of Languages for the Manipulation of Complex Values},
  journal   = {Journal on Very Large Data Bases},
  year      = 1995,
  volume    = 4,
  number    = 4,
  pages     = {727--794}
}

@InProceedings{MalechaMSW10,
  author    = {J. Gregory Malecha and Greg Morrisett and Avraham Shinnar and Ryan Wisnesky},
  title     = {Toward a verified relational database management system},
  booktitle = {Principles of Programming Languages (POPL)},
  year      = 2010,
  xpages     = {237--248}
}

@InProceedings{CheneyU11,
  author    = {James Cheney and Christian Urban},
  title     = {Mechanizing the Metatheory of mini-{XQuery}},
  booktitle = {Conference on Certified Programs and Proofs (CPP)},
  year      = 2011,
  pages     = {280--295}
}

@InProceedings{BenzakenCD14,
  author    = {V{\'{e}}ronique Benzaken and Evelyne Contejean and Stefania Dumbrava},
  title     = {A {Coq} Formalization of the Relational Data Model},
  booktitle = {European Symposium on Programming (ESOP)},
  year      = 2014,
  pages     = {189--208}
}

@InProceedings{GreenAK12,
  author    = {Todd J. Green and Molham Aref and Grigoris Karvounarakis},
  title     = {LogicBlox, Platform and Language: {A} Tutorial},
  booktitle = {Second International Workshop Datalog 2.0, Vienna, Austria},
  year      = 2012,
  pages     = {1--8}
}

@Book{browne2009jboss,
  title={JBoss Drools business rules},
  author={Paul Browne},
  year=2009,
  publisher={Packt Publishing Ltd}
}

@InProceedings{ConsensM90,
  author    = {Mariano P. Consens and Alberto O. Mendelzon},
  title     = {Low Complexity Aggregation in {GraphLog} and {Datalog}},
  booktitle = {International Conference on Database Theory (ICDT)},
  year      = 1990,
  pages     = {379--394}
}

@InProceedings{MumickPR90,
  author    = {Inderpal Singh Mumick and Hamid Pirahesh and Raghu Ramakrishnan},
  title     = {The Magic of Duplicates and Aggregates},
  booktitle = {Conference on Very Large Data Bases (VLDB)},
  year      = 1990,
  pages     = {264--277}
}

@Book{bertot2004interactive,
  title={Interactive theorem proving and program development: Coq'Art: the calculus of inductive constructions},
  author={Yves Bertot and Pierre Cast{\'e}ran},
  year=2004,
  publisher={springer}
}

@InProceedings{GriffinL95,
  author    = {Timothy Griffin and Leonid Libkin},
  title     = {Incremental Maintenance of Views with Duplicates},
  booktitle = {International Conference on Management of Data (SIGMOD)},
  year      = 1995,
  pages     = {328--339}
}

@InProceedings{re2006complete,
  title={A complete and efficient algebraic compiler for {XQuery}},
  author={Christopher R{\'e} and J{\'e}r{\^o}me Sim{\'e}on and Mary Fernandez},
  booktitle={International Conference on Data Engineering (ICDE)},
  year=2006,
  xorganization={IEEE}
}

@InProceedings{ceri_widom_1992,
  booktitle = {Conference on Very Large Data Bases (VLDB)},
  title = {Production Rules in Parallel and Distributed Database Environments},
  author = {Stefan Ceri and Jennifer Widom},
  year = 1992,
  pages = {339--351}
  }

@InProceedings{emir_odersky_williams_2007,
  author = {Burak Emir and Martin Odersky and John Williams},
  title = {Matching Objects with Patterns},
  booktitle = {European Conference on Object-Oriented Programming (ECOOP)},
  pages = {273--298},
  year = 2007
}

@Article{jay_kesner_2009,
  author = {Barry Jay and Delia Kesner},
  journal = {Journal of Functional Programming},
  number = 2,
  pages = {191--225},
  title = {First-class patterns},
  volume = 19,
  year = 2009
}

@InProceedings{liu_myers_2003,
  author = {Jed Liu and Andrew C. Myers},
  title = {{JMatch}: Iterable Abstract Pattern Matching for {Java}},
  year = 2003,
  pages = {110--127},
  booktitle = {Practical Aspects of Declarative Languages (PADL)}
 }

@InProceedings{syme_neverov_margetson_2007,
  title = {Extensible Pattern Matching via a Lightweight Language Extension},
  author = {Don Syme and Gergory Neverov and James Margetson},
  booktitle = {International Conference on Functional Programming (ICFP)},
  xpages = {29--40},
  year = 2007
  }

@InProceedings{wadler_1987,
  author = {Philip Wadler},
  title = {Views: A way for pattern matching to cohabit with data abstraction},
  booktitle = {Principles of Programming Languages},
  pages = {307--313},
  year = 1987 }

@InProceedings{Stratego,
  author = 	 {Eelco Visser},
  title = 	 {Program transformation with {Stratego/XT}},
  booktitle = {Domain-Specific Program Generation},
  year = 	 2004,
  pages = 	 {216-238},
  publisher = {Springer}}

@InProceedings{cabitza2005djess,
  title={{DJess} -- a context-sharing middleware to deploy distributed inference systems in pervasive computing domains},
  author={Federico Cabitza and Marcello Sarini and Bemardo Dal Seno},
  booktitle = {International Conference on Pervasive Services (ICPS)},
  pages={229--238},
  year=2005
}

@InProceedings{petcu2005parallel,
  author={Dana Petcu},
  title = {Parallel {Jess}},
  booktitle = {International Symposium on Parallel and Distributed Computing (\mbox{ISPDC})},
  pages={307--316},
  year=2005
}

@InProceedings{cheney2013practical,
  title={A practical theory of language-integrated query},
  author={James Cheney and Sam Lindley and Philip Wadler},
  booktitle = {International Conference on Functional Programming (ICFP)},
  xvolume=48,
  xnumber=9,
  pages={403--416},
  year=2013,
  xorganization={ACM}
}

@Article{hosoya2003xduce,
  title={XDuce: A statically typed XML processing language},
  author={Haruo Hosoya and Benjamin C. Pierce},
  journal={ACM Transactions on Internet Technology (TOIT)},
  volume=3,
  number=2,
  pages={117--148},
  year=2003
}

@Article{MayHM04,
  author =      {N. May and S. Helmer and G. Moerkotte},
  title =       {Strategies for Query Unnesting in {XML} Databases},
  journal = 	{ACM Transactions on Database Systems (TODS)},
  volume =      31,
  number =      3,
  pages =       {968--1013},
  year =        2006
}

@InProceedings{BeyerEGBEKOS11-full,
  author    = {K. {Beyer et al}},
  title     = {{JAQL}: A Scripting Language for Large Scale Semistructured Data Analysis},
  booktitle = {Conference on Very Large Data Bases (VLDB)},
  xvolume    = 4,
  xnumber    = 12,
  year      = 2011,
  pages     = {1272--1283}
}

@Article{BeeriK93,
  author    = {Catriel Beeri and Yoram Kornatzky},
  title     = {Algebraic Optimization of Object-Oriented Query Languages},
  journal   = {Theoretical Computer Science},
  volume    = 116,
  number    = {1{\&}2},
  year      = 1993,
  pages     = {59-94}
}

@InProceedings{Shatdal:1995,
 author = {Ambuj Shatdal and Jeffrey F. Naughton},
 title = {Adaptive Parallel Aggregation Algorithms},
 booktitle = {International Conference on Management of Data (SIGMOD)},
 year = 1995,
 location = {San Jose, California, USA},
 pages = {104--114},
 address = {New York, NY, USA},
} 

@InProceedings{abiteboul1988data,
  title={Data functions, {Datalog} and negation},
  author={Serge Abiteboul and Richard Hull},
  booktitle = {International Conference on Management of Data (SIGMOD)},
  xvolume=17,
  xnumber=3,
  pages={143--153},
  year=1988
}

@InProceedings{abiteboul1988col,
  title={{COL}: A logic-based language for complex objects},
  author={Serge Abiteboul and Stephane Grumbach},
  booktitle = {Extending Database Technology (EDBT)},
  pages={271--293},
  year=1988,
  xpublisher={Springer}
}

@InProceedings{de2008type,
  title={Type inference for {Datalog} and its application to query optimisation},
  author={Oege de Moor and Damien Sereni and Pavel Avgustinov and Mathieu Verbaere},
  booktitle = {Principles of Database Systems (PODS)},
  pages={291--300},
  year=2008
}

@InProceedings{sereni2008adding,
  title={Adding magic to an optimising datalog compiler},
  author={Damien Sereni and Pavel Avgustinov and Oege de Moor},
  booktitle = {International Conference on Management of Data (SIGMOD)},
  pages={553--566},
  year=2008
}

@InProceedings{grust2009ferry,
  title={Ferry: Database-supported program execution},
  author={Torsten Grust and Manuel Mayr and Jan Rittinger and Tom Schreiber},
  booktitle = {International Conference on Management of Data (SIGMOD)},
  pages={1063--1066},
  year=2009
}

@InProceedings{bloom_hirzel_2012,
  title = {Robust Scripting via Patterns},
  author = {Bard Bloom and Martin Hirzel},
  booktitle = {Dynamic Languages Symposium (DLS)},
  pages = {29--40},
  year = 2012
}

@InProceedings{enoki_et_al_2014,
  title = {Event Processing over a Distributed {JSON} Store: Design and Performance},
  author = {Miki Enoki and J{\'e}r{\^o}me Sim{\'e}on and Hiroshi Horii and Martin Hirzel},
  booktitle = {Web Information System Engineering (WISE)},
  pages = {395--404},
  year = 2014
}

@InProceedings{hirzel_et_al_2008,
  title = {Matchete: Paths through the Pattern Matching Jungle},
  author = {Martin Hirzel and Nathaniel Nystrom and Bard Bloom and Jan Vitek},
  booktitle = {Practical Aspects of Declarative Languages (PADL)},
  pages = {150--166},
  year = 2008
}

@InProceedings{visser_2001,
  author = {Eelco Visser},
  title = {Stratego: A Language for Program Transformation Based on Rewriting Strategies},
  year = 2001,
  booktitle = {Rewriting Techniques and Applications (RTA)},
  pages = {357--362}
}

@InProceedings{SimeonW03,
  author    = {J{\'{e}}r{\^{o}}me Sim{\'{e}}on and Philip Wadler},
  title     = {The essence of {XML}},
  booktitle = {The 30th {SIGPLAN-SIGACT} Symposium
               on Principles of Programming Languages, New Orleans, Louisisana, USA,
               January 15-17, 2003},
  pages     = {1--13},
  year      = 2003
}

@InProceedings{JonesHN15,
  author    = {Timothy Jones and Michael Homer and James Noble},
  title     = {Brand Objects for Nominal Typing},
  booktitle = "European Conference for Object-Oriented Programming (ECOOP)",
  pages     = {198--221},
  year      = 2015
}

@InProceedings{ShinnarSH15,
  author    = {Avraham Shinnar and J{\'{e}}r{\^{o}}me Sim{\'{e}}on and Martin Hirzel},
  title     = {A Pattern Calculus for Rule Languages: Expressiveness, Compilation, and Mechanization},
  booktitle = "European Conference for Object-Oriented Programming (ECOOP)",
  pages     = {542--567},
  year      = 2015
}

@Article{shinnar_et_al:DARTS:2015:5517,
  author =	 {Avraham Shinnar and J{\'e}r{\^o}me Sim{\'e}on and
                  Martin Hirzel},
  title =	 {{A Pattern Calculus for Rule Languages:
                  Expressiveness, Compilation, and Mechanization
                  (Artifact)}},
  pages =	 {1--2},
  journal =	 {Dagstuhl Artifacts Series},
  year =	 2015,
  volume =	 1,
  number =	 1,
  publisher =	 {Schloss Dagstuhl--Leibniz-Zentrum fuer Informatik},
  address =	 {Dagstuhl, Germany},
  URL =		 {http://drops.dagstuhl.de/opus/volltexte/2015/5517},
  annote =	 {Keywords: Rules, Pattern Matching, Aggregation,
                  Nested Queries, Mechanization}
}

@InCollection{Shinnar2016,
  author =	 "Avraham Shinnar and J{\'e}r{\^o}me Sim{\'e}on",
  title =	 "A Branding Strategy for Business Types",
  bookTitle =	 "A List of Successes That Can Change the World:
                  Essays Dedicated to Philip Wadler on the Occasion of
                  His 60th Birthday",
  year =	 2016,
  publisher =	 "Springer International Publishing",
  address =	 "Cham",
  pages =	 "367--387"
}

@InProceedings{claussen1997optimizing,
  author={Jens Clau{\ss}en and Alfons Kemper and Guido Moerkotte and Klaus Peithner},
  title={Optimizing Queries with Universal Quantification in Object-Oriented and Object-Relational Databases},
  booktitle={Conference on Very Large Data Bases (VLDB)},
  pages={286--295},
  year=1997,
}

@InProceedings{Fegaras98,
  author    = {Leonidas Fegaras},
  title     = {Query Unnesting in Object-Oriented Databases},
  booktitle = {Proceedings {ACM} {SIGMOD} International Conference
               on Management of Data, June 2-4, 1998, Seattle, Washington, {USA.}},
  pages     = {49--60},
  year      = 1998
}

@Article{fegaras2000optimizing,
  title={Optimizing object queries using an effective calculus},
  author={Leonidas Fegaras and David Maier},
  journal={ACM Transactions on Database Systems (TODS)},
  volume=25,
  number=4,
  pages={457--516},
  year=2000,
  publisher={ACM}
}

@Book{fowler2004uml,
  title={UML distilled: a brief guide to the standard object modeling language},
  author={Martin Fowler},
  year=2004,
  publisher={Addison-Wesley Professional}
}

@InProceedings{TrigoniB01,
  author    = {Agathoniki Trigoni and Gavin M. Bierman},
  title     = {Inferring the Principal Type and the Schema Requirements of an {OQL}
               Query},
  booktitle = {18th British National Conference on Databases,
               {BNCOD} 18, Chilton, UK, July 9-11, 2001, Proceedings},
  pages     = {185--201},
  year      = 2001
}

@Article{Alagic99,
  author    = {Suad Alagic},
  title     = {Type-Checking {OQL} Queries In the {ODMG} Type Systems},
  journal   = {{ACM} Transactions on Database Systems},
  volume    = 24,
  number    = 3,
  pages     = {319--360},
  year      = 1999
}

@InProceedings{trinder88,
  author = 	 {P. W. Trinder and P. L. Wadler},
  title = 	 {List Comprehensions and the Relational Calculus},
  booktitle = {Proceedings of 1988 Glasgow Workshop on Functional Programming},
  year = 	 1988,
  pages = 	 {115--123},
  month = 	 aug,
  address = 	 {Rothesay, Scotland}}

@InProceedings{breazu1992naturally,
  author={Val Breazu-Tannen and Peter Buneman and Limsoon Wong},
  title={Naturally Embedded Query Languages},
  booktitle={Database Theory-ICDT'92: 4th International Conference, Berlin, Germany, October 14-16, 1992. Proceedings},
  volume={646},
  pages={140},
  year={1992}
}

@InProceedings{lee2015theory,
  author={Joseph Lee and Jonathan Aldrich and Troy Shaw and Alex Potanin},
  title={A theory of tagged objects},
  booktitle = {29th European Conference on Object-Oriented Programming, {ECOOP} 2015,
               July 5-10, 2015, Prague, Czech Republic},
  year      = 2015
}

@Book{odmg,
  author={M. Berler and Roderic G. G. Cattell and Douglas K. Barry},
  title={The object data standard: ODMG 3.0},
  year=2000,
  publisher={Morgan Kaufman}
}

@InProceedings{armbrust2015spark,
  title={Spark {SQL}: Relational data processing in {Spark}},
  author = {Michael {Armbrust et al}},
  booktitle = "International Conference on Management of Data (SIGMOD)",
  pages={1383--1394},
  year=2015,
  xorganization={ACM}
}

@InProceedings{meijer2006linq,
  title={Linq: reconciling object, relations and {XML} in the {.NET} framework},
  author={Erik Meijer and Brian Beckman and Gavin Bierman},
  booktitle={Proceedings of the 2006 ACM SIGMOD international conference on Management of data},
  pages={706--706},
  year=2006,
  organization={ACM}
}

@InProceedings{cooper2007links,
  title={Links: Web programming without tiers},
  author={Ezra Cooper and Sam Lindley and Philip Wadler and Jeremy Yallop},
  booktitle={Formal Methods for Components and Objects},
  pages={266--296},
  year=2007
}

@Article{meta,
  author = 	 {Matthew {Arnold et al}},
  title = 	 {{META}: Middleware for Events, Transactions, and Analytics},
  journal = 	 {IBM Journal of Research and Development (IBMRD)},
  year=2016,
  volume=60, 
  number={2-3}
}

@Article{paton1999active,
  title={Active database systems},
  author={Norman W Paton and Oscar D{\'\i}az},
  journal={ACM Computing Surveys (CSUR)},
  volume=31,
  number=1,
  pages={63--103},
  year=1999,
  publisher={ACM}
}

@InCollection{kulkarni1999active,
  title={Active database features in {SQL3}},
  author={Krishna Kulkarni and Nelson Mattos and Roberta Cochrane},
  booktitle={Active Rules in Database Systems},
  pages={197--219},
  year=1999,
  publisher={Springer}
}

@Article{sellis1993coupling,
  title={Coupling production systems and database systems: a homogeneous approach},
  author={Timos Sellis and Chih-Chen Lin and Louiqa Raschid},
  journal={IEEE Transactions on Knowledge and Data Engineering},
  volume=5,
  number=2,
  pages={240--256},
  year=1993
}

@InProceedings{GordinP91,
  author    = {Douglas N. Gordin and Alexander J. Pasik},
  title     = {Set-Oriented Constructs: From Rete Rule Bases to Database Systems},
  booktitle = {Proceedings of the {ACM} {SIGMOD} International Conference on Management of Data},
  address = {Denver, Colorado},
  pages     = {60--67},
  year      = 1991
}

@Article{aho1979efficient,
  title={Efficient optimization of a class of relational expressions},
  author={Alfred V. Aho and Yehoshua Sagiv and Jeffrey D. Ullman},
  journal={ACM Transactions on Database Systems (TODS)},
  volume=4,
  number=4,
  pages={435--454},
  year=1979,
  publisher={ACM}
}

@InProceedings{cheney2014query,
  title={Query shredding: efficient relational evaluation of queries over nested multisets},
  author={James Cheney and Sam Lindley and Philip Wadler},
  booktitle={Proceedings of the 2014 ACM SIGMOD International Conference on Management of Data},
  pages={1027--1038},
  year=2014,
  organization={ACM}
}

@Article{rodriguez2015efficient,
  title={Efficient {SPARQL}-to-{SQL} with {R2RML} mappings},
  author={Mariano Rodriguez-Muro and Martin Rezk},
  journal={Web Semantics: Science, Services and Agents on the World Wide Web},
  volume = 33,
  month = "August",
  year=2015,
  xpublisher={Elsevier}
}

@Misc{cloudant,
  key   = {cloudant},
  title = {Anatomy of the {Cloudant} {DBaaS}},
  year  = 2015,
  note  = {{\small https://cloudant.com/CloudantTechnicalOverview.pdf}}
}

@InProceedings{zaharia2010spark,
  title={Spark: cluster computing with working sets},
  author={Matei Zaharia and Mosharaf Chowdhury and Michael J Franklin and Scott Shenker and Ion Stoica},
  booktitle={Proceedings of the 2nd USENIX conference on Hot topics in cloud computing},
  volume=10,
  pages=10,
  year=2010
}

@InProceedings{boncz2006monetdb,
  title={{MonetDB}/{XQuery}: a fast {XQuery} processor powered by a relational engine},
  author={Peter Boncz and Torsten Grust and Maurice Van Keulen and Stefan Manegold and Jan Rittinger and Jens Teubner},
  booktitle = "International Conference on Management of Data (SIGMOD)",
  pages={479--490},
  year=2006
}

@misc{xquery,
  title={{XQuery} 3.0: An {XML} query language. {W3C} Recommendation, {April} 2014},
  author={J. Robie and D. Chamberlin and M. Dyck and J. Snelson}
}

@misc{sparql,
  title={{SPARQL} Query Language for {RDF}. {W3C} Recommendation},
  author={E. Prud'hommeaux and A. Seaborne},
  year=2008
}

@inproceedings{Brant1991,
 author = {Brant, David A. and Grose, Timothy and Lofaso, Bernie and Miranker, Daniel P.},
 title = {Effects of Database Size on Rule System Performance: Five Case Studies},
 booktitle = {Proceedings of the 17th International Conference on Very Large Data Bases},
 year = 1991,
 pages = {287--296},
 numpages = 10,
 address = {San Francisco, CA, USA}
} 

@misc{berlin,
  title={The berlin sparql benchmark},
  author={Bizer, Christian and Schultz, Andreas}
}

@inproceedings{OlstonRSKT08,
  author    = {Christopher Olston and
               Benjamin Reed and
               Utkarsh Srivastava and
               Ravi Kumar and
               Andrew Tomkins},
  title     = {Pig {Latin}: a not-so-foreign language for data processing},
  booktitle = "International Conference on Management of Data (SIGMOD)",
  pages     = {1099--1110},
  year      = 2008
}

@inproceedings{cherniack1996rule,
  title={Rule Languages and Internal Algebras for Rule-Based Optimizers},
  author={Cherniack, Mitch and Zdonik, Stanley B},
  booktitle = "International Conference on Management of Data (SIGMOD)",
  year={1996}
}

@inproceedings{CherniackZ98,
  author    = {Mitch Cherniack and
               Stanley B. Zdonik},
  title     = {Changing the Rules: Transformations for Rule-Based Optimizers},
  booktitle = "International Conference on Management of Data (SIGMOD)",
  pages     = {61--72},
  year      = 1998
}

@InProceedings{GK93, 
author={G. Graefe and W. J. McKenna}, 
booktitle={International Conference on Data Engineering (ICDE)}, 
title={The {Volcano} optimizer generator: extensibility and efficient search}, 
year=1993, 
pages={209-218}, 
xmonth={Apr}
}

@inproceedings{PiraheshHH92,
  author    = {Hamid Pirahesh and
               Joseph M. Hellerstein and
               Waqar Hasan},
  title     = {Extensible/Rule Based Query Rewrite Optimization in {Starburst}},
  booktitle = "International Conference on Management of Data (SIGMOD)",
  pages     = {39--48},
  year      = 1992
}

@InCollection{CareyDFGRSM91,
  author =	 {Michael J. {Carey et al}},
  title =	 "The Architecture of the {EXODUS} Extensible {DBMS}",
  bookTitle =	 "On Object-Oriented Database Systems",
  year =	 1991,
  publisher =	 "Springer Berlin Heidelberg",
  xaddress =	 "Berlin, Heidelberg",
  pages =	 "231--256"
}


@inproceedings{ghelli2007better,
  title={A better semantics for {XQuery} with side-effects},
  author={Giorgio Ghelli and Nicola Onose and Kristoffer Rose and J{\'e}r{\^o}me Sim{\'e}on},
  booktitle={Symposium on Database Programming Languages (DBPL)},
  pages={81--96},
  year=2007,
  xorganization={Springer}
}


@InCollection{LeungMSVVZ93,
  author =	 {Theodore W. {Leung et al}},
  title =	 "The {AQUA} Data Model and Algebra",
  bookTitle =	 "Workshop on Database Programming Languages (DBPL)",
  year =	 1994,
  xpublisher =	 "Springer London",
  xaddress =	 "London",
  pages =	 "157--175"
}

@inproceedings{FegarasMS93,
  author    = {Leonidas Fegaras and
               David Maier and
               Tim Sheard},
  title     = {Specifying Rule-Based Query Optimizers in a Reflective Framework},
  booktitle = {Conference on Deductive and Object-Oriented Databases (DOOD)},
  pages     = {146--168},
  year      = 1993
}

@inproceedings{PiraheskLH97,
  author    = {Hamid Pirahesh and
               T. Y. Cliff Leung and
               Waqar Hasan},
  title     = {A Rule Engine for Query Transformation in Starburst and {IBM} {DB2}
               {C/S} {DBMS}},
  booktitle = {Proceedings of the Thirteenth International Conference on Data Engineering,
               April 7-11, 1997 Birmingham {U.K.}},
  pages     = {391--400},
  year      = 1997
}

@inproceedings{Hudak1984,
 author = {Hudak, Paul and Kranz, David},
 title = {A Combinator-based Compiler for a Functional Language},
 booktitle = {Proceedings of the 11th ACM SIGACT-SIGPLAN Symposium on Principles of Programming Languages},
 series = {POPL '84},
 year = 1984,
 location = {Salt Lake City, Utah, USA},
 pages = {122--132},
 numpages = 11
}

@InProceedings{Larch89,
  author = 	 {Stephen J. Garland and John V. Guttag},
  title = 	 {An Overview of {LP}, the {Larch} {Prover}},
  booktitle = {Conference on Rewriting Techniques and Applications (RTA)},
  year = 	 1989,
  xpublisher = {Springer},
  pages = "137--151",
  note = 	 {\url{nms.lcs.mit.edu/Larch}}}

@inproceedings{malecha2015,
  author =	 {Malecha, Gregory and Wisnesky, Ryan},
  title =	 {Using Dependent Types and Tactics to Enable
                  Semantic Optimization of Language-integrated
                  Queries},
  booktitle =	 {Symposium on Database Programming Languages (DBPL)},
  year =	 2015,
  xlocation =	 {Pittsburgh, PA, USA},
  pages =	 {49--58}
}


@article{OngPV14,
  author    = {Kian Win Ong and
               Yannis Papakonstantinou and
               Romain Vernoux},
  title     = {The {SQL++} Semi-structured Data Model and Query Language: {A} Capabilities
               Survey of {SQL-on-Hadoop}, {NoSQL} and {NewSQL} Databases},
  journal   = {CoRR},
  volume    = {abs/1405.3631},
  year      = 2014
}

@article{Meijer11,
  author    = {Erik Meijer},
  title     = {The world according to {LINQ}},
  journal = "Communications of the ACM (CACM)",
  volume    = {54},
  number    = {10},
  pages     = {45--51},
  year      = {2011}
}

@Misc{leroy15,
  author = 	 {Xavier Leroy},
  title = 	 {Desperately seeking software perfection},
  note = 	 {\url{www.lip6.fr/colloquium/Leroy-2015-10-20.pdf}}}

@inproceedings{coq:extraction,
  author =	 {Pierre Letouzey},
  title =	 {A New Extraction for {Coq}},
  booktitle =	 {Conference on Types for Proofs and Programs (TYPES)},
  year =	 2003,
  xlocation =	 {Berg en Dal, The Netherlands},
  pages =	 {200--219},
  numpages =	 20
} 

@inproceedings{AydemirBFFPSVWWZ05,
  author    = {Brian E. {Aydemir et al}},
  title     = {Mechanized Metatheory for the Masses: The {PoplMark} Challenge},
  booktitle = {Conference on Theorem Proving in Higher Order Logics (TPHOLs)},
  pages     = {50--65},
  year      = 2005
}

@article{abadi1991explicit,
  title={Explicit substitutions},
  author={Abadi, Martin and Cardelli, Luca and Curien, P-L and L{\'e}vy, J-J},
  journal= {Journal of Functional Programming (JFP)},
  volume={1},
  number={04},
  pages={375--416},
  year={1991},
  publisher={Cambridge Univ Press}
}

@inproceedings{GiorgidzeGUW12,
  author    = {George Giorgidze and
               Torsten Grust and
               Alexander Ulrich and
               Jeroen Weijers},
  title     = {Algebraic data types for language-integrated queries},
  booktitle = {Workshop on Data Driven Functional Programming (DDFP)},
  pages     = {5--10},
  year      = 2013
}

@Book{querycompilers,
  author = 	 {Guido Moerkotte},
  title = 	 {Building Query Compilers},
  publisher = 	 {Univ. Mannheim},
  year = 	 2014,
  url =          {{\url{http://pi3.informatik.uni-mannheim.de/~moer/querycompiler.pdf}}}
}

@article{poess2000new,
  title={New TPC benchmarks for decision support and web commerce},
  author={Poess, Meikel and Floyd, Chris},
  journal={ACM Sigmod Record},
  volume=29,
  number=4,
  pages={64--71},
  year=2000,
  publisher={ACM}
}


@Book{jrules-book,
  author = 	 {Boyer, Jérôme and Mili, Hafedh},
  title = 	 {Agile Business Rule Development},
  publisher = 	 {Springer},
  year = 	 {2011},
}

@article{gonthier2008formal,
  title={Formal proof--the four-color theorem},
  author={Gonthier, Georges},
  journal={Notices of the AMS},
  volume=55,
  number=11,
  pages={1382--1393},
  year=2008
}
@article{braibant2014implementing,
  title={Implementing and reasoning about hash-consed data structures in {Coq}},
  author={Braibant, Thomas and Jourdan, Jacques-Henri and Monniaux, David},
  journal={Journal of Automated Reasoning},
  volume=53,
  number=3,
  pages={271--304},
  year=2014,
  publisher={Springer}
}

@article{florescu2013jsoniq,
  title={{JSONiq}: The history of a query language},
  author={Florescu, Daniela and Fourny, Ghislain},
  journal={IEEE Internet Computing},
  volume=17,
  number=5,
  pages={86--90},
  year=2013,
  publisher={IEEE Computer Society}
}

@InProceedings{WF2016,
  author = {Avraham Shinnar and J{\'{e}}r{\^{o}}me Sim{\'{e}}on},
  title = {A Branding Strategy for Business Types},
  booktitle = {Wadlerfest'2016},
  year = 2016,
  month = {April},
  address = {Edinburgh, Scotland},
  publisher = {LNCS},
}

